@article{Calmet:2001nu,
author = "Calmet, X. and Fritzsch, H.",
title = "{The Cosmological evolution of the nucleon mass and the electroweak coupling constants}",
archivePrefix = "arXiv",
reportNumber = "CERN-TH-2001-334, LMU-01-15",
note = "doi:10.1007/s10052-002-0976-0",
journal = "Eur. Phys. J. C",
volume = "24",
pages = "639--642",
year = "2002"
}
@article{Fritzsch:2004civ,
author = "Fritzsch, H.",
editor = "Bracco, Mirian and Chiapparini, Marcelo and Ferreira, Erasmo and Kodama, Takeshi",
title = "{Time dependence of QCD and experimental tests}",
note = "doi:10.1063/1.1843601",
journal = "AIP Conf. Proc.",
volume = "739",
number = "1",
pages = "273--278",
year = "2004"
}
@book{Itzykson:1980rh,
author = "Itzykson, C. and Zuber, J. B.",
title = "Quantum Field Theory",
isbn = "978-0-486-44568-7",
publisher = "McGraw-Hill",
address = "New York",
year = "1980"
}
@book{Schwartz:2014sze,
place={Cambridge},
title={Quantum Field Theory and the Standard Model},
DOI={10.1017/9781139540940},
publisher={Cambridge University Press},
author={Schwartz, M. D.},
year={2014}
}
@article{Shrock:1980vy,
author = "Shrock, R. E.",
title = "{New Tests For, and Bounds On, Neutrino Masses and Lepton Mixing}",
reportNumber = "ITP-SB-80-23",
note = "doi:10.1016/0370-2693(80)90235-X",
journal = "Phys. Lett. B",
volume = "96",
pages = "159--164",
year = "1980"
}
@article{DUNE:2020fgq,
author = "Abi, B. and others",
collaboration = "DUNE",
title = "{Prospects for beyond the Standard Model physics searches at the Deep Underground Neutrino Experiment}",
archivePrefix = "arXiv",
primaryClass = "hep-ex",
reportNumber = "FERMILAB-PUB-20-459-LBNF-ND, FERMILAB-PUB-20-459-LBNF-ND",
note = "doi:10.1140/epjc/s10052-021-09007-w",
journal = "Eur. Phys. J. C",
volume = "81",
number = "4",
pages = "322",
year = "2021"
}
@article{Feynman:1958ty,
author = "Feynman, R. P. and Gell-Mann, M.",
editor = "Brown, L. M.",
title = "{Theory of Fermi interaction}",
note = "doi:10.1103/PhysRev.109.193",
journal = "Phys. Rev.",
volume = "109",
pages = "193--198",
year = "1958"
}
@article{Canas:2015yoa,
author = "Canas, B. C. and Miranda, O. G. and Parada, A. and Tortola, M. and Valle, J. W. F.",
title = "{Updating neutrino magnetic moment constraints}",
archivePrefix = "arXiv",
primaryClass = "hep-ph",
reportNumber = "IFIC-15-XX",
note = "doi:10.1016/j.physletb.2015.12.011 [Addendum: Phys.Lett.B 757, 568--568 (2016)]",
journal = "Phys. Lett. B",
volume = "753",
pages = "191--198",
year = "2016",
}
@article{AristizabalSierra:2021fuc,
author = "Aristizabal Sierra, D. and Miranda, O. G. and Papoulias, D. K. and Garcia, G. S.",
title = "{Neutrino magnetic and electric dipole moments: From measurements to parameter space}",
archivePrefix = "arXiv",
primaryClass = "hep-ph",
note = "doi:10.1103/PhysRevD.105.035027",
journal = "Phys. Rev. D",
volume = "105",
number = "3",
pages = "035027",
year = "2022"
}
@article{Steinmetz:2018ryf,
author = "Steinmetz, A. and Formanek, M. and Rafelski, J.",
title = "{Magnetic Dipole Moment in Relativistic Quantum Mechanics}",
archivePrefix = "arXiv",
primaryClass = "hep-ph",
note = "doi:10.1140/epja/i2019-12715-5",
journal = "Eur. Phys. J. A",
volume = "55",
number = "3",
pages = "40",
year = "2019"
}
@article{Rafelski:2023emw,
author = "Rafelski, J. and Birrell, J. and Steinmetz, A. and Yang, C. T.",
title = "{A Short Survey of Matter-Antimatter Evolution in the Primordial Universe}",
archivePrefix = "arXiv",
primaryClass = "hep-th",
note = "doi:10.3390/universe9070309",
journal = "Universe",
volume = "9",
number = "7",
pages = "309",
year = "2023"
}
@article{Studenikin:2016ykv,
author = "Studenikin, A.",
title = "{Status and perspectives of neutrino magnetic moments}",
archivePrefix = "arXiv",
primaryClass = "hep-ph",
note = "doi:10.1088/1742-6596/718/6/062076",
journal = "J. Phys. Conf. Ser.",
volume = "718",
number = "6",
pages = "062076",
year = "2016"
}
@article{Giunti:2014ixa,
author = "Giunti, C. and Studenikin, A.",
title = "{Neutrino electromagnetic interactions: a window to new physics}",
archivePrefix = "arXiv",
primaryClass = "hep-ph",
note = "doi:10.1103/RevModPhys.87.531",
journal = "Rev. Mod. Phys.",
volume = "87",
pages = "531",
year = "2015"
}
@article{Lindner:2017uvt,
author = "Lindner, M. and Radov\v{c}i\'c, B. and Welter, J.",
title = "{Revisiting Large Neutrino Magnetic Moments}",
archivePrefix = "arXiv",
primaryClass = "hep-ph",
note = "doi:10.1007/JHEP07(2017)139",
journal = "JHEP",
volume = "07",
pages = "139",
year = "2017"
}
@article{Brdar:2020quo,
author = "Brdar, V. and Greljo, A. and Kopp, J. and Opferkuch, T.",
title = "{The Neutrino Magnetic Moment Portal: Cosmology, Astrophysics, and Direct Detection}",
archivePrefix = "arXiv",
primaryClass = "hep-ph",
reportNumber = "CERN-TH-2020-130, MITP/20-041",
note = "doi:10.1088/1475-7516/2021/01/039",
journal = "JCAP",
volume = "01",
pages = "039",
year = "2021"
}
@article{Xing:2000ik,
author = "Xing, Z.",
title = "{Commutators of lepton mass matrices, CP violation, and matter effects in-medium baseline neutrino experiments}",
archivePrefix = "arXiv",
reportNumber = "LMU-00-14",
note = "doi:10.1103/PhysRevD.63.073012",
journal = "Phys. Rev. D",
volume = "63",
pages = "073012",
year = "2001"
}
@book{giunti2007fundamentals,
title={Fundamentals of neutrino physics and astrophysics},
author={Giunti, C. and Kim, C. W.},
year={2007},
publisher={Oxford university press}
}
@inproceedings{Huber:2022lpm,
author = "Huber, P. and others",
title = "{Snowmass Neutrino Frontier Report}",
booktitle = "{Snowmass 2021}",
archivePrefix = "arXiv",
primaryClass = "hep-ex",
reportNumber = "FERMILAB-FN-1215-ND-PPD-SCD",
month = "11",
year = "2022"
}
@article{Balaji:2020oig,
author = "Balaji, S. and Ramirez-Quezada, M. and Zhou, Y. L.",
title = "{CP violation in neutral lepton transition dipole moment}",
archivePrefix = "arXiv",
primaryClass = "hep-ph",
reportNumber = "IPPP/20/38",
note = "doi:10.1007/JHEP12(2020)090",
journal = "JHEP",
volume = "12",
pages = "090",
year = "2020"
}
@article{Pehlivan:2014zua,
author = "Pehlivan, Y. and Balantekin, A. B. and Kajino, T.",
title = "{Neutrino Magnetic Moment, CP Violation and Flavor Oscillations in Matter}",
archivePrefix = "arXiv",
primaryClass = "hep-ph",
note = "doi:10.1103/PhysRevD.90.065011",
journal = "Phys. Rev. D",
volume = "90",
number = "6",
pages = "065011",
year = "2014"
}
@article{SajjadAthar:2021prg,
author = "Sajjad Athar, M. and others",
title = "{Status and perspectives of neutrino physics}",
archivePrefix = "arXiv",
primaryClass = "hep-ph",
reportNumber = "FERMILAB-PUB-21-621-ND",
note = "doi:10.1016/j.ppnp.2022.103947",
journal = "Prog. Part. Nucl. Phys.",
volume = "124",
pages = "103947",
year = "2022"
}
@article{Masud:2015xva,
author = "Masud, M. and Chatterjee, A. and Mehta, P.",
title = "{Probing CP violation signal at DUNE in presence of non-standard neutrino interactions}",
archivePrefix = "arXiv",
primaryClass = "hep-ph",
note = "doi:10.1088/0954-3899/43/9/095005/meta",
journal = "J. Phys. G",
volume = "43",
number = "9",
pages = "095005",
year = "2016"
}
@article{DUNE:2022aul,
author = "Abed Abud, A. and others",
collaboration = "DUNE",
title = "{Snowmass Neutrino Frontier: DUNE Physics Summary}",
archivePrefix = "arXiv",
primaryClass = "hep-ex",
reportNumber = "FERMILAB-FN-1168-LBNF",
month = "3",
year = "2022"
}
@article{Chukhnova:2019oum,
author = "Chukhnova, A. V. and Lobanov, A. E.",
title = "{Neutrino flavor oscillations and spin rotation in matter and electromagnetic field}",
archivePrefix = "arXiv",
primaryClass = "hep-ph",
note = "doi:10.1103/PhysRevD.101.013003",
journal = "Phys. Rev. D",
volume = "101",
number = "1",
pages = "013003",
year = "2020"
}
@article{Popov:2019nkr,
author = "Popov, A. and Studenikin, A.",
title = "{Neutrino eigenstates and flavour, spin and spin-flavour oscillations in a constant magnetic field}",
archivePrefix = "arXiv",
primaryClass = "hep-ph",
note = "doi:10.1140/epjc/s10052-019-6657-z",
journal = "Eur. Phys. J. C",
volume = "79",
number = "2",
pages = "144",
year = "2019"
}
@article{Mikheyev:1985zog,
author = "Mikheyev, S. P. and Smirnov, A. Yu.",
title = "{Resonance Amplification of Oscillations in Matter and Spectroscopy of Solar Neutrinos}",
journal = "Sov. J. Nucl. Phys.",
volume = "42",
pages = "913--917",
year = "1985"
}
@article{Bethe:1986ej,
author = "Bethe, H. A.",
title = "{A Possible Explanation of the Solar Neutrino Puzzle}",
reportNumber = "NSF-ITP-86-10",
note = "doi:10.1103/PhysRevLett.56.1305",
journal = "Phys. Rev. Lett.",
volume = "56",
pages = "1305",
year = "1986"
}
@book{greiner2009gauge,
title={Gauge theory of weak interactions},
author={Greiner, W. and M{\"u}ller, B.},
year={2009},
publisher={Springer},
doi={10.1007/978-3-540-87843-8}
}
@article{Shrock:1982sc,
author = "Shrock, Robert E.",
title = "{Electromagnetic Properties and Decays of Dirac and Majorana Neutrinos in a General Class of Gauge Theories}",
reportNumber = "ITP-SB-82-2",
note = "doi:10.1016/0550-3213(82)90273-5",
journal = "Nucl. Phys. B",
volume = "206",
pages = "359--379",
year = "1982"
}
@article{Ohlsson:2012kf,
author = "Ohlsson, T.",
title = "{Status of non-standard neutrino interactions}",
archivePrefix = "arXiv",
primaryClass = "hep-ph",
note = "doi:10.1088/0034-4885/76/4/044201",
journal = "Rept. Prog. Phys.",
volume = "76",
pages = "044201",
year = "2013"
}
@book{Ohlsson:2011zz,
    author = "Ohlsson, T.",
    title = "{Relativistic quantum physics: From advanced quantum mechanics to introductory quantum field theory}",
    isbn = "978-1-139-21072-0, 978-0-521-76726-2",
    publisher = "Cambridge University Press",
    month = "2",
    year = "2012"
}
@article{Adhikary:2013bma,
    author = "Adhikary, Biswajit and Chakraborty, Mainak and Ghosal, Ambar",
    title = "{Masses, mixing angles and phases of general Majorana neutrino mass matrix}",
    archivePrefix = "arXiv",
    primaryClass = "hep-ph",
    reportNumber = "SINP-APC-2013-03",
    note = "doi:10.1007/JHEP10(2013)043 [Erratum: JHEP 09, 180 (2014)]",
    journal = "JHEP",
    volume = "10",
    pages = "043",
    year = "2013"
}
@article{Wolfenstein:1983yz,
author = "Wolfenstein, L.",
title = "{Parametrization of the Kobayashi-Maskawa Matrix}",
reportNumber = "CMU-HEG83-9",
note = "doi:10.1103/PhysRevLett.51.1945",
journal = "Phys. Rev. Lett.",
volume = "51",
pages = "1945",
year = "1983"
}
@article{Wolfenstein:1977ue,
author = "Wolfenstein, L.",
title = "{Neutrino Oscillations in Matter}",
reportNumber = "COO-3066-102",
note = "doi:10.1103/PhysRevD.17.2369",
journal = "Phys. Rev. D",
volume = "17",
pages = "2369--2374",
year = "1978"
}
@article{Fujikawa:1980yx,
    author = "Fujikawa, K. and Shrock, R.",
    title = "{The Magnetic Moment of a Massive Neutrino and Neutrino Spin Rotation}",
    reportNumber = "ITP-SB-80-38",
    doi = "10.1103/PhysRevLett.45.963",
    journal = "Phys. Rev. Lett.",
    volume = "45",
    pages = "963",
    year = "1980"
}
@article{Schechter:1981hw,
    author = "Schechter, J. and Valle, J. W. F.",
    title = "{Majorana Neutrinos and Magnetic Fields}",
    reportNumber = "SU-4217-192, COO-3533-192",
    doi = "10.1103/PhysRevD.25.283",
    journal = "Phys. Rev. D",
    volume = "24",
    pages = "1883--1889",
    year = "1981",
    note = "[Erratum: Phys.Rev.D 25, 283 (1982)]"
}
@article{Kouzakov:2023jtt,
    author = "Kouzakov, K. A. and Lazarev, F. M. and Studenikin, A. I.",
    title = "{Neutrino Electromagnetic Properties in Elastic Neutrino\textendash{}Proton Scattering}",
    doi = "10.1134/S1063778823030122",
    journal = "Phys. Atom. Nucl.",
    volume = "86",
    number = "3",
    pages = "257--265",
    year = "2023"
}
@article{Giunti:2015gga,
    author = "Giunti, C. and Kouzakov, K. A. and Li, Y. F. and Lokhov, A. V. and Studenikin, A. I. and Zhou, S.",
    title = "{Electromagnetic neutrinos in laboratory experiments and astrophysics}",
    archivePrefix = "arXiv",
    primaryClass = "hep-ph",
    doi = "10.1002/andp.201500211",
    journal = "Annalen Phys.",
    volume = "528",
    pages = "198--215",
    year = "2016"
}
@article{Pal:1991pm,
    author = "Pal, Palash B.",
    title = "{Particle physics confronts the solar neutrino problem}",
    reportNumber = "OITS-470",
    doi = "10.1142/S0217751X92002465",
    journal = "Int. J. Mod. Phys. A",
    volume = "7",
    pages = "5387--5460",
    year = "1992"
}
@book{arfken2011mathematical,
  title={Mathematical methods for physicists: a comprehensive guide},
  author={Arfken, G. B. and Weber, H. J. and Harris, F. E.},
  year={2011},
  publisher={Academic press}
}